@article{ji2023hallucination,
  author    = {Zhenxin Ji and Yujie Lu and Xianjun Wan and Zhengdong Lu and Minlie Huang},
  title     = {Hallucination in Large Language Models: A Survey},
  journal   = {IEEE Transactions on Knowledge and Data Engineering},
  year      = {2023}
}

@inproceedings{brown2020language,
  author    = {Tom B. Brown and Benjamin Mann and Nick Ryder and Melanie Subbiah and Jared Kaplan and Prafulla Dhariwal and Arvind Neelakantan and Pranav Shyam and Girish Sastry and Amanda Askell and Sandhini Agarwal and Ariel Herbert-Voss and Gretchen Krueger and Tom Henighan and Rewon Child and Aditya Ramesh and Daniel M. Ziegler and Jeffrey Wu and Clemens Winter and Christopher Hesse and Mark Chen and Eric Sigler and Mateusz Litwin and Scott Gray and Benjamin Chess and Jack Clark and Christopher Berner and Sam McCandlish and Alec Radford and Ilya Sutskever and Dario Amodei},
  title     = {Language Models are Few-Shot Learners},
  booktitle = {Advances in Neural Information Processing Systems (NeurIPS)},
  volume    = {33},
  pages     = {1877--1901},
  year      = {2020}
}

@inproceedings{lewis2020retrieval,
  author    = {Patrick Lewis and Ethan Perez and Aleksandra Piktus and Fabio Petroni and Vladimir Karpukhin and Naman Goyal and Heinrich Küttler and Mike Lewis and Wen-tau Yih and Tim Rocktäschel and Sebastian Riedel},
  title     = {Retrieval-Augmented Generation for Knowledge-Intensive NLP Tasks},
  booktitle = {Advances in Neural Information Processing Systems (NeurIPS)},
  volume    = {33},
  pages     = {9459--9474},
  year      = {2020}
}

@inproceedings{ouyang2022training,
  author    = {Long Ouyang and Jeffrey Wu and Xu Jiang and Diogo Almeida and Carroll Wainwright and Pamela Mishkin and Chong Zhang and Sandhini Agarwal and Katarina Slama and Alex Ray and John Schulman and Jacob Hilton and Fraser Kelton and Luke Miller and Maddie Simens and Amanda Askell and Peter Welinder and Paul Christiano and Jan Leike and Ryan Lowe},
  title     = {Training Language Models to Follow Instructions with Human Feedback},
  booktitle = {Advances in Neural Information Processing Systems (NeurIPS)},
  volume    = {35},
  pages     = {27730--27744},
  year      = {2022}
}

@article{gunning2019xai,
  author    = {David Gunning and Matthew Stefik and John Choi and Timothy Miller and Simon Stumpf and Gillian L. Williams},
  title     = {XAI—Explainable Artificial Intelligence},
  journal   = {AI Magazine},
  volume    = {40},
  number    = {2},
  pages     = {44--58},
  year      = {2019}
}

@article{yang2024trustworthy,
  author    = {Yang Yang and Jie Fu and Jie Song and Chunfeng Song and Xian Wu and Jianye Hao and Xiaoyan Zhu and Jun Zhu and Yong Liu},
  title     = {Trustworthy AI: A Review},
  journal   = {IEEE Transactions on Knowledge and Data Engineering},
  year      = {2024}
}

@article{ji2021deep,
  author    = {Shuang Ji and Shirui Pan and Erik Cambria and Pekka Marttinen and Philip S. Yu},
  title     = {A Survey on Knowledge Graphs: Representation, Acquisition and Applications},
  journal   = {IEEE Transactions on Neural Networks and Learning Systems},
  volume    = {33},
  number    = {2},
  pages     = {494--514},
  year      = {2022}
}

@article{bai2022constitutional,
  author    = {Yuntao Bai and Andy Zou and Kamal Ndousse and Amanda Askell and Anna Chen and Dawn Drain and S. Shleifer and S. Agarwal and M. Mirhoseini and D. Amodei and J. Hernandez-Orallo and P. Christiano},
  title     = {Constitutional AI: Harmlessness from AI Feedback},
  journal   = {arXiv preprint},
  year      = {2022},
  note      = {arXiv:2212.08073}
}

@incollection{bengio2021learned,
  author    = {Yoshua Bengio and Guillaume Lajoie and Benjamin Scellier and Romain Pascanu and David Balduzzi and Herbert Jaeger},
  title     = {The Case for Learned Invariances in Representation Learning},
  booktitle = {Learning from Data: Artificial Intelligence, Machine Learning, and Data Science},
  publisher = {Springer},
  year      = {2021}
}

@inproceedings{welleck2020factchecked,
  author    = {Sean Welleck and Ilia Kulikov and Stephen Roller and Emily Dinan and Kyunghyun Cho and Jason Weston},
  title     = {Neural Text Generation With Unlikelihood Training},
  booktitle = {International Conference on Learning Representations (ICLR)},
  year      = {2020}
}
@inproceedings{bender2021stochastic,
  author    = {Emily M. Bender and Timnit Gebru and Angelina McMillan-Major and Margaret Mitchell},
  title     = {On the Dangers of Stochastic Parrots: Can Language Models Be Too Big?},
  booktitle = {Proceedings of the 2021 ACM Conference on Fairness, Accountability, and Transparency (FAccT)},
  pages     = {610--623},
  year      = {2021}
}

@article{shneiderman2022safety,
  author    = {Ben Shneiderman},
  title     = {Safety, Ethics, and the Design of Human-AI Interaction: A Systematic Review},
  journal   = {Journal of Responsible Technology},
  volume    = {12},
  pages     = {100046},
  year      = {2022}
}

@article{ziegler2022rlaif,
  author    = {Nisan Stiennon and Long Ouyang and Jeff Wu and Daniel M. Ziegler and Ryan Lowe and et al.},
  title     = {Reinforcement Learning from AI Feedback: An Overview},
  journal   = {arXiv preprint},
  year      = {2022},
  note      = {arXiv:2209.15810}
}

@article{hoffmann2022beyond,
  author    = {Jordan Hoffmann and Sebastian Borgeaud and Arthur Mensch and et al.},
  title     = {Beyond the Imitation Game: Quantifying and extrapolating the capabilities of language models},
  journal   = {arXiv preprint},
  year      = {2022},
  note      = {arXiv:2206.04615}
}

@article{gao2023factuality,
  author    = {Yizhong Gao and Sewon Min and Mike Lewis and et al.},
  title     = {A General Framework for Evaluating and Improving Factuality of Retrieval-Augmented Language Models},
  journal   = {arXiv preprint},
  year      = {2023},
  note      = {arXiv:2305.14245}
}

@article{abate2022formal,
  author    = {Alessandro Abate and Jacek Cyranka and Marta Kwiatkowska and Luca Cardelli},
  title     = {Formal Verification of AI Systems: A Survey},
  journal   = {ACM Computing Surveys},
  year      = {2022}
}

@article{chen2021knowledge,
  author    = {Shirley Chen and Xiaozhi Wang and Wenhan Xiong and William W. Cohen and Wen-tau Yih},
  title     = {Knowledge Graphs for Explainable AI: A Survey},
  journal   = {Knowledge-Based Systems},
  volume    = {212},
  pages     = {106548},
  year      = {2021}
}

@article{amodei2016concrete,
  author    = {Dario Amodei and Chris Olah and Jacob Steinhardt and Paul Christiano and John Schulman and Dan Mané},
  title     = {Concrete Problems in AI Safety},
  journal   = {arXiv preprint},
  year      = {2016},
  note      = {arXiv:1606.06565}
}

@article{garnelo2018bottleneck,
  author    = {Marta Garnelo and Stephen Gould},
  title     = {Deep Learning and the Knowledge Bottleneck: Bridging the Gap between Data-Driven and Knowledge-Driven AI},
  journal   = {Foundations and Trends in Machine Learning},
  volume    = {11},
  number    = {5-6},
  pages     = {377--528},
  year      = {2018}
}

@article{liu2024factuality,
  author    = {Ying Liu and Yichong Xu and Xiang Lorraine Li and Xueguang Ma and et al.},
  title     = {Factuality Challenges in Generative AI: Benchmarks, Evaluations, and Mitigation Strategies},
  journal   = {arXiv preprint},
  year      = {2024},
  note      = {arXiv:2403.09115}
}
@article{gao2023survey,
  author    = {Yizhong Gao and Sewon Min and Mike Lewis and et al.},
  title     = {A Survey of Hallucination in Large Language Models},
  journal   = {arXiv preprint},
  year      = {2023},
  note      = {arXiv:2311.05232}
}

@inproceedings{dziri2023reliability,
  author    = {Nouha Dziri and Zaid Alyafeai and Oyvind Tafjord and Peter Clark and Yejin Choi and Noah A. Smith},
  title     = {On the Reliability of Explanations in Large Language Models},
  booktitle = {Proceedings of the 2023 Conference on Empirical Methods in Natural Language Processing (EMNLP)},
  year      = {2023},
  pages     = {11398--11416}
}

@inproceedings{bender2021stochastic,
  author    = {Emily M. Bender and Timnit Gebru and Angelina McMillan-Major and Margaret Mitchell},
  title     = {On the Dangers of Stochastic Parrots: Can Language Models Be Too Big?},
  booktitle = {Proceedings of the 2021 ACM Conference on Fairness, Accountability, and Transparency (FAccT)},
  pages     = {610--623},
  year      = {2021}
}

@inproceedings{grefenstette2015structured,
  author    = {Edward Grefenstette and Karl Moritz Hermann and Mustafa Suleyman and Phil Blunsom},
  title     = {Learning Structured Embeddings of Knowledge Bases},
  booktitle = {International Conference on Learning Representations (ICLR)},
  year      = {2015}
}

@incollection{hitzler2013linked,
  author    = {Pascal Hitzler and Krzysztof Janowicz},
  title     = {Linked Data, Knowledge Graphs, and Ontologies},
  booktitle = {Encyclopedia of Systems and Control},
  editor    = {John Baillieul and Tariq Samad},
  publisher = {Springer},
  year      = {2013}
}

@inproceedings{srinivasan2022trustworthy,
  author    = {Srinivasan, S. and Gunter, C. A.},
  title     = {Towards Trustworthy AI: An Overview of Concepts and Architectures},
  booktitle = {Proceedings of the AAAI Conference on Artificial Intelligence},
  volume    = {36},
  number    = {11},
  pages     = {12321--12328},
  year      = {2022}
}

@article{marcus2018innumeracy,
  author    = {Gary Marcus},
  title     = {Innumeracy, Ignorance, and Artificial Intelligence},
  journal   = {arXiv preprint},
  year      = {2018},
  note      = {arXiv:1808.06017}
}
